2592 4133
86 2911 178 2950 1152

555 147 902 227 Com-aelus
920 148 951 224 I
970 151 1005 226 l·
1017 151 1063 227 Ι.
1124 145 1614 260 Occid.·1mper.
1637 149 1833 228 XXI.

528 279 611 307 vna
637 261 678 305 in
696 257 956 308 Edessaeum
971 257 1130 307 Christi
1144 260 1327 309 domum
1343 259 1516 310 Barbari
1529 259 1770 324 expilaffent

502 330 544 375 in
559 329 779 374 Orientem
795 326 1079 374 Occidentem
1089 330 1241 374 Lucius
1254 325 1448 376 Pontifex
1464 324 1768 376 inflammabat.

813 392 1021 441 Aculeum
1033 392 1215 440 addebat
1235 398 1328 442 Rex
1348 413 1478 457 apum

849 457 1076 505 Bernardus
1101 457 1414 514 Clarauallenfis
1435 495 1446 503 .

683 527 746 573 Vt
779 520 926 572 Asiam
956 524 1177 572 redimeret
1197 528 1365 589 Ligno,
1400 523 1593 573 &ferro.

647 596 834 639 Crucem
862 589 1161 651 praedicaturus
1177 624 1192 641 ‚
1226 595 1464 641 Germaniae
1482 592 1598 640 adest
1625 625 1639 644 ,

618 660 744 705 Hanc
767 654 929 717 populis
946 655 1165 718 populatus
1193 688 1207 709 ‚
1242 657 1432 721 impleuit
1461 657 1672 707 miraculis

519 723 752 786 Templum
782 722 978 773 adeunti,
1013 721 1226 786 extemplo
1237 719 1766 775 tantamultitudoobfuit2

907 803 953 833 vt
968 787 1074 850 pene
1095 806 1378 850 premeretur,

582 856 642 900 Ni
654 851 861 900 conradus
878 852 1054 900 mortale
1069 854 1244 902 Coelum
1268 853 1482 904 sustulisset
1496 859 1540 905 in
1556 854 1768 905 humeros.

839 916 1085 967 Samsonem
1110 924 1265 968 mirare
1281 919 1422 970 desme
1439 956 1453 974 ‚

640 1002 774 1048 quum
789 982 917 1032 Vrbis
939 984 1214 1049 compagibus
1225 983 1333 1034 felici
1346 986 1438 1035 nisu
1453 985 1638 1040 reuulfis,

741 1054 968 1098 Portarum
1003 1047 1113 1099 fores
1148 1049 1261 1100 foras
1293 1056 1483 1116 portauit
1509 1092 1517 1100 .

543 1121 760 1166 Germano
787 1116 929 1165 Alcidi
954 1136 1054 1166 cum
1082 1137 1269 1181 purpura
1287 1119 1414 1167 leuius
1426 1119 1598 1167 Coelum
1614 1116 1707 1167 esset
1724 1150 1739 1172 ‚

610 1201 706 1231 eam
733 1180 884 1230 abiecit
907 1216 920 1237 ,
953 1191 997 1230 ὃς
1031 1187 1185 1247 Sagum
1213 1204 1292 1248 pro
1316 1191 1444 1235 Sacco
1463 1186 1628 1249 reliquit
1656 1221 1668 1230 .

578 1256 774 1298 Ducenta
800 1250 993 1312 peditum
1011 1282 1025 1301 ,
1058 1247 1329 1315 septuaginta
1358 1256 1550 1316 equitum
1575 1250 1706 1300 millia

881 1315 972 1364 Sola
1006 1320 1233 1364 Germania
1266 1318 1414 1366 duxit.

637 1386 754 1433 Tota
769 1379 858 1433 fere
881 1387 1052 1446 Europa
1079 1380 1364 1432 transfretauit
1389 1388 1433 1432 in
1451 1380 1600 1432 Asiam
1625 1423 1635 1432 .

603 1456 759 1497 Tantos
795 1447 974 1497 Macedo
1008 1463 1135 1497 totum
1167 1469 1240 1496 non
1273 1450 1396 1498 duxit
1430 1453 1471 1497 in
1500 1448 1671 1498 Orbem.

507 1516 585 1568 Sed
601 1513 811 1584 quantum
821 1515 990 1564 interest
1001 1518 1109 1564 inter
1124 1516 1269 1564 diuina
1281 1552 1295 1568 ‚
1310 1525 1353 1565 δέ
1365 1515 1553 1565 humana
1569 1512 1761 1565 confilia!

699 1581 877 1632 Coelurn
906 1615 920 1634 ,
954 1584 1037 1630 Via
1062 1585 1201 1634 inuia,
1236 1581 1574 1632 Charitascalida

523 1646 874 1699 Christianorum
907 1652 1049 1697 Genus
1076 1668 1165 1699 non
1182 1653 1422 1698 contritum
1456 1685 1471 1702 ,
1504 1652 1736 1699 contriuit.

799 1713 1016 1762 Manuelis
1048 1717 1319 1778 Imperatoris
1366 1716 1475 1765 liuor

600 1785 862 1851 Byzantium
885 1780 1033 1830 milites
1052 1780 1258 1831 inuitabat
1274 1817 1287 1834 ‚
1305 1780 1377 1831 sed
1400 1786 1545 1833 Graeca
1570 1780 1674 1833 fide.

641 1848 874 1899 Credidere
899 1851 1105 1896 Germani
1135 1883 1149 1900 ,
1195 1847 1422 1899 nescientes
1457 1846 1628 1903 fallere,

639 1917 701 1962 At
730 1918 773 1962 in
809 1910 971 1965 simila,
1007 1933 1083 1963 nec
1105 1911 1316 1964 furfurem
1347 1918 1630 1969 inuenerunt,

825 1980 904 2029 Sed
939 1979 1097 2029 calcem
1131 1990 1174 2028 &
1209 1985 1253 2029 in
1287 1981 1398 2030 calce
1433 2022 1441 2030 .

497 2049 655 2098 Mortis
670 2044 792 2099 causa
803 2044 984 2097 haerebat
1000 2045 1117 2110 labijs
1130 2080 1143 2100 ,
1168 2048 1275 2097 dum
1290 2051 1335 2096 in
1347 2046 1499 2098 labellis
1511 2065 1741 2114 quaererent
1754 2085 1765 2097 .

659 2109 788 2164 Caefis
810 2115 864 2165 ad
889 2113 1152 2164 Meandrum
1173 2117 1417 2164 Turcarum
1436 2119 1566 2179 copijs
1586 2150 1600 2168 ‚

600 2184 606 2187 ’
700 2179 892 2229 Palmam
926 2179 1088 2232 retulit,
1118 2178 1190 2230 secl
1225 2177 1523 2245 infrugiferam
1557 2221 1567 2230 .

759 2252 804 2294 F
805 2246 859 2294 lec
893 2245 1043 2294 ‘aicius
1079 2280 1094 2298 ,
1127 2249 1288 2312 interijt
1322 2247 1464 2296 Viflor
1493 2284 1505 2296 .

599 2318 718 2362 Cum
746 2317 908 2362 Franco
956 2312 1167 2362 Conradus
1197 2318 1241 2361 in
1262 2317 1431 2383 Syriam
1457 2313 1619 2364 delatus
1648 2349 1665 2367 ‚

826 2382 1000 2444 gemino
1041 2382 1275 2429 comitante
1322 2378 1441 2430 hoste

859 2444 1024 2494 hmidia
1059 2479 1073 2497 ‚
1121 2454 1166 2494 δε
1198 2443 1406 2510 Dzstordia

820 2511 961 2560 Multa
996 2515 1173 2562 tentauit
1198 2546 1213 2564 ‚
1245 2510 1437 2563 nilfecit.

689 2576 905 2642 Clafflcnm
938 2597 1007 2625 cur
1039 2577 1198 2626 Coelum
1232 2583 1572 2644 canac?quaeris?

558 2641 620 2703 Q&
639 2642 810 2712 ftrrum
854 2642 958 2710 fieris
991 2644 1164 2706 nostrum
1193 2647 1369 2710 propinet
1411 2647 1648 2712 fhnguinem
1669 2652 1691 2693 ἓ

753 2715 852 2758 Suas
877 2713 922 2757 in
948 2708 1070 2757 nobis
1101 2711 1289 2759 vindicat
1329 2711 1468 2776 plagas
1485 2749 1496 2759 .

673 2778 903 2840 Hungariae
942 2774 1075 2839 spolio
1108 2774 1306 2840 spoliauit
1346 2780 1525 2827 militem
1553 2814 1565 2826 .

619 2840 798 2890 Coelum
827 2846 1012 2907 expiauit
1046 2874 1060 2894 ,
1094 2843 1211 2908 quod
1232 2842 1372 2894 Caesar
1395 2845 1615 2908 expilauit.

946 2909 1131 2958 Rediens
1166 2913 1304 2976 itaque

552 2975 688 3022 Domi
698 2991 885 3022 mortem
900 2977 1079 3025 inuenit,
1091 2994 1221 3041 quam
1233 2992 1326 3025 toto
1341 2973 1555 3041 quaefierat
1570 2974 1690 3025 orbe.

978 3041 1094 3101 Disce
1127 3046 1256 3089 Homo

727 3104 911 3156 Pericula
923 3106 994 3168 etsi
1004 3125 1078 3153 non
1094 3124 1246 3172 quaeras
1263 3140 1278 3162 ,
1310 3109 1491 3158 inuenies
1506 3148 1516 3159 .

409 3521 598 3570 Conradi
614 3523 690 3569 111.
726 3527 953 3574 Monetam
972 3525 1121 3575 videin
1137 3524 1420 3591 pagstquenti
1437 3566 1447 3575 .

1647 3697 1783 3745 CA-

2077 305 2187 352 Edeffa
2202 257 2329 354 xiipta
2376 306 2398 343 d

2077 361 2191 394 Turcis
2214 373 2227 400 ;
2249 360 2399 396 cruciata

2080 411 2237 448 indicitur
2252 438 2265 451 .

2195 865 2280 906 XXI.

2102 919 2125 951 C
2126 917 2261 950 onradus
2275 914 2343 960 fert
2366 923 2395 950 δ’.

2074 969 2267 1003 Bernardum
2285 969 2318 1004 in
2338 967 2398 1002 bu-

2076 1022 2173 1056 mcris
2194 1047 2207 1066 ‚
2235 1021 2275 1055 ηὲ
2305 1019 2324 1054 d
2340 1031 2397 1067 po-

2076 1074 2166 1122 pulis
2177 1082 2393 1121 praemeretnr.

2188 1773 2300 1811 XXIX.

2079 1821 2257 1858 Christiani
2283 1823 2398 1858 ἀσκο-

2076 1877 2123 1910 cis
2147 1876 2271 1911 inuidis
2307 1878 2393 1911 dece-

2071 1929 2126 1976 pti
2139 1927 2157 1966 ἓ

2165 2793 2293 2832 XXIII.

2067 2848 2294 2889 Hungarorum
2314 2841 2389 2891 spo-

2065 2894 2211 2929 liauerat
2221 2895 2388 2944 Ecclesias,

2061 2944 2142 2982 belli
2145 2946 2232 2991 fizcri
2248 2957 2386 2998 praetex·

2062 3008 2100 3035 tu
2114 3026 2125 3038 .
