2592 4133
223 361 359 402 Sal,An,

229 416 336 454 1181.

204 1928 294 1950 cccxx
304 1928 314 1951 1
322 1929 342 1949 ιι

210 1967 332 2007 Leoge-

207 2025 271 2047 nua
292 2012 348 2055 fle-

205 2066 264 2099 έῖἰῐ
293 2079 341 2099 ci-

200 2130 271 2153 ram
286 2124 347 2151 Im—

199 2179 356 2219 peratore.

227 2555 339 2587 cccxxv

205 3241 240 3264 CC
246 3241 338 3266 CXXVI

508 279 527 325 1
543 281 587 341 9
601 282 631 325 z
695 249 749 326 F
758 247 1050 326 ridericus
1073 243 1542 327 IAEriobarbus.
1556 244 2197 356 OcsscidJmeXII.

379 361 536 407 amicos
555 361 695 407 mouit
711 358 892 422 lapidem
910 391 923 408 ‚
957 373 1004 405 vt
1039 353 1116 404 fibi
1151 355 1356 417 pristinae

376 428 606 487 aperiretur
623 428 753 489 gratia
772 463 779 471 .
814 428 912 470 Hoc
937 439 1041 470 voto
1056 424 1356 470 Ludom'cum„

376 489 624 553 Thuringiae
640 490 758 538 Land
763 492 958 552 grauium
976 520 989 540 ,
1011 496 1054 535 &
1071 493 1357 535 Hermannum

375 553 550 604 fratrem
567 553 829 605 manumisit,
847 551 902 601 fic
921 552 1089 616 sperans
1106 558 1210 601 iram
1232 553 1357 600 lenire

375 621 549 671 Caesaris
567 661 575 669 .
610 625 658 667 In
683 626 826 667 itinere
846 617 981 677 obuiis
997 617 1248 682 quibuslibet
1268 619 1356 665 de)

373 691 556 736 exercitu
569 687 838 749 Imperatoris
855 689 964 733 notis
985 684 1119 732 aiebat
1136 703 1145 729 :
1173 682 1355 730 Solebam

374 757 415 801 in
433 753 494 801 his
511 769 628 818 atque
644 750 786 798 multis
801 753 914 797 terris
931 750 1116 803 da›·e‚non
1142 753 1353 811 accipere)

374 818 627 871 condamm
643 837 687 862 en
704 835 834 863 rerum
853 816 1165 879 viciſjimdinem
1178 855 1187 862 .
1251 833 1354 862 uum

377 883 543 933 venisset
555 901 700 930 coram
719 880 895 933 Caesare,
906 885 1037 944 coepie
1055 882 1186 930 multa
1201 900 1353 929 retexe-

375 953 475 997 rein
493 946 552 995 sui
570 951 864 1010 purgationem
880 980 891 997 ,
913 948 1103 995 clanculo
1115 946 1185 995 siaa
1204 951 1246 994 in
1263 950 1352 994 Im-

373 1031 610 1077 peratorem
622 1012 818 1076 obsequia
833 1032 1188 1065 commemorare,
1203 1011 1354 1061 huma—

374 1099 435 1128 nae
451 1077 737 1127 mutabilitatis
753 1082 961 1126 incertum
977 1078 1141 1130 orabat,
1155 1096 1200 1127 vt
1216 1084 1351 1126 intue-

371 1162 486 1192 retur
503 1184 511 1192 .
528 1145 604 1192 Sed
622 1162 710 1192 erat
723 1149 893 1208 grauior
909 1143 1082 1192 Caesaris
1100 1149 1174 1197 ira,
1192 1143 1350 1207 altiusq3

370 1209 641 1258 descenderat
658 1215 699 1257 in
718 1213 860 1273 pestus
877 1212 1113 1272 indignatio
1126 1243 1138 1262 ‚
1160 1230 1288 1270 quam
1306 1229 1350 1259 vt

369 1295 452 1325 vna
468 1275 595 1339 posset
613 1280 860 1339 purgatione
877 1275 1033 1323 aboleri
1052 1277 1182 1324 vocali
1198 1316 1206 1323 .
1220 1280 1351 1339 Igitur

367 1345 614 1405 Principum
631 1340 861 1389 absentiam
880 1338 1099 1404 praeferens
1116 1345 1352 1403 Imperator

367 1406 539 1455 iubebat
568 1408 682 1455 illum
705 1406 832 1454 adeffe
847 1411 1074 1455 conuentui
1110 1411 1350 1470 principum

367 1477 409 1519 in
426 1471 779 1538 Quedelcnborg.
815 1478 1048 1537 Quinque
1083 1477 1125 1519 in
1160 1494 1210 1521 eo
1245 1493 1350 1521 con-

367 1556 494 1586 uentu
512 1537 631 1586 causa
649 1542 777 1586 Ducis
810 1542 1058 1586 [saciaretur
1082 1573 1094 1589 ,
1130 1557 1351 1602 coeperunt

366 1607 492 1651 amici
510 1607 594 1651 eius
629 1601 790 1666 sperare
825 1602 1074 1652 secundiora
1091 1623 1100 1649 ε
1135 1601 1204 1652 sed
1232 1623 1348 1653 tum,

366 1668 625 1717 Bernhardus
645 1704 659 1721 ‚
676 1673 747 1733 qui
763 1676 980 1718 Ducatum
995 1674 1181 1720 Saxoniae
1197 1674 1239 1718 in
1253 1674 1349 1720 titu-

365 1735 407 1782 lo
425 1732 669 1797 praeferebat
687 1770 700 1786 ‚
716 1739 885 1799 grauior
907 1735 963 1782 illi
984 1735 1197 1784 incubuit.
1233 1737 1347 1784 Indi-

365 1803 434 1847 ἃᾶ
451 1800 510 1848 est
531 1800 655 1848 altera
676 1820 840 1865 quoque
860 1805 973 1849 curia
991 1805 1032 1849 in
1051 1801 1345 1865 Erphordiaffi

366 1869 543 1913 Interim
562 1865 745 1931 Szftidus
763 1866 962 1929 Archiep.
985 1865 1215 1916 Bremensis
1233 1869 1342 1930 apud

366 1936 670 1994 Imperatorem
687 1936 771 1995 egit
785 1968 797 1984 ,
825 1950 870 1980 vt
882 1939 1126 1982 Comitatus
1138 1931 1344 1982 stadensis

364 2018 436 2061 per
455 2003 675 2045 Hem·zcum
693 2003 859 2047 Ducem
875 2000 1087 2046 detractus
1106 2035 1117 2049 ‚
1154 1997 1344 2048 Ecclesiae

363 2064 644 2112 restitueretur
676 2103 683 2111 .
735 2062 925 2112 Permisit
968 2068 1204 2127 Imperator
1230 2083 1239 2110 ε
1273 2063 1343 2113 sed

362 2133 563 2193 quoniam
582 2127 772 2192 praefidio
788 2134 918 2178 Ducis
937 2130 1154 2179 tenebatur
1172 2167 1185 2183 ‚
1221 2134 1342 2194 oppi-

362 2198 467 2243 dum
480 2198 815 2259 expugnandum
830 2215 916 2244 erat
928 2216 1026 2244 cum
1043 2217 1135 2245 arce
1152 2233 1161 2241 .
1196 2200 1344 2245 Paetus

362 2262 420 2309 est
436 2281 532 2310 cum
549 2261 724 2327 Phllz'ppo
739 2261 984 2310 Coloniensi
1011 2259 1344 2326 Archiepiscopo

1426 355 1633 404 sexcentas
1645 362 1806 420 argenti
1821 357 2013 407 marchas
2024 358 2062 408 se
2075 362 2130 409 illi
2144 363 2366 411 daturum,
2386 399 2400 415 ‚

1425 420 1456 468 si
1472 440 1725 485 expugnaret
1739 463 1748 471 .
1764 430 1867 489 Qo
1886 421 2203 487 factoqeiusdem
2221 433 2403 491 Impera-

1425 491 1525 535 toris
1542 486 1742 536 beneficio
1759 488 1956 553 Adelphus
1993 490 2190 542 Holsatiae
2223 502 2266 541 δε
2302 499 2400 539 ῗΒεν-

1423 553 1600 600 ahardus
1617 552 1944 618 Raceburgensls
1960 561 2150 610 comites,
2168 557 2256 606 suas
2267 560 2401 606 ditio-

1422 638 1492 666 nes
1511 638 1806 682 recuperarunt
1824 660 1831 668 .
1867 625 1966 667 Dux
1993 617 2134 670 autem
2160 623 2400 686 Erphorldifit·

1421 684 1763 749 petens2pedibus
1781 690 2049 748 Imperatoris
2065 691 2313 751 prouolutus
2329 709 2399 737 ve—

1422 754 1537 798 niam
1554 758 1597 797 δζ
1612 755 1793 815 gratiam
1814 751 2040 814 postulauit
2057 789 2067 799 .
2097 758 2332 818 Imperator
2350 757 2398 802 il—

1421 816 1507 864 lum
1519 817 1570 864 de
1587 834 1694 865 terra
1706 817 1843 864 leuans
1859 816 2066 866 osculatur
2079 854 2092 870 ,
2111 820 2316 881 lacrymas
2332 841 2399 868 ex-

1421 885 1565 945 primit
1595 891 1637 930 ὃε
1667 903 1788 930 voces
1804 883 1960 930 doloris
1982 884 2098 932 testes
2113 920 2125 936 ‚
2152 879 2204 933 de
2222 886 2399 934 tristissi-

1419 967 1490 996 ma
1506 945 1804 1012 consanguinei
1831 946 2000 996 fortuna
2016 984 2028 1000 ‚
2056 970 2185 1012 quam
2199 957 2396 998 Henrlcm

1421 1012 1504 1076 ipse
1517 1011 1683 1062 fibimet
1699 1011 1946 1075 acccrfijffec.
1965 1018 2065 1063 Haec
2083 1036 2222 1064 rerum
2243 1018 2399 1064 vit-iffi-

1419 1081 1554 1135 tudo,·
1589 1100 1723 1143 genua
1741 1099 1914 1127 curuare
1933 1084 2101 1143 cogitur
2117 1089 2196 1128 Leo
2225 1101 2395 1130 coram,

1423 1146 1624 1192 Fma'erz'co
1641 1147 1709 1193 illo
1727 1181 1739 1197 ‚
1766 1165 1891 1209 quem
1904 1165 2056 1209 paucos
2071 1166 2166 1194 ante
2178 1168 2310 1195 annos
2325 1147 2400 1195 se)

1421 1230 1666 1259 curuantem
1684 1210 1883 1274 superbus
1904 1216 2085 1275 excepit.
2124 1218 2238 1261 Vicit
2249 1217 2399 1262 Domi-

1389 1293 1390 1301 ¹
1420 1295 1495 1324 nus
1518 1276 1684 1326 seruum
1702 1297 1788 1324 non
1825 1281 1963 1326 minus
1998 1284 2213 1340 potentia,
2247 1278 2400 1343 quam)

1419 1340 1653 1390 humilitate
1671 1382 1679 1391 .
1714 1347 1888 1406 Nequijt
1908 1362 2048 1390 tamen
2065 1349 2301 1408 Imperator
2313 1343 2400 1392 sine

1420 1411 1664 1470 Principum
1678 1428 1875 1470 reponere
1887 1407 2187 1474 assensuquem
2200 1415 2398 1459 omnium

1419 1474 1604 1522 destituit
1620 1472 1851 1522 consensu:
1888 1473 1993 1522 bene
2026 1475 2189 1538 sperare
2225 1476 2397 1524 iussum„-

1418 1537 1682 1592 hortabatur,
1697 1557 1740 1587 vt
1758 1540 1810 1587 de
1827 1538 1979 1588 finibus
1995 1545 2060 1588 Im
2067 1545 2166 1604 perij
2184 1542 2396 1605 aliquanto

1418 1608 1610 1653 recedens
1627 1625 1816 1669 tempore
1833 1638 1846 1657 ,
1874 1609 2042 1669 Imperij
2056 1607 2309 1655 sententiam
2325 1606 2394 1654 ho*

1417 1689 1586 1719 noraret
1601 1693 1613 1727 ;
1630 1669 1820 1719 futurum
1839 1675 2007 1719 interim
2025 1691 2070 1721 vt
2087 1678 2331 1737 Principum
2350 1678 2393 1733 in

1415 1756 1512 1784 cum
1529 1741 1659 1785 animi
1676 1737 1965 1785 mollirentur.
2003 1737 2121 1800 Abijt
2138 1739 2239 1802 ergo
2259 1744 2301 1786 in
2319 1743 2397 1786 exi-

1415 1802 1535 1854 lium,
1554 1801 1747 1851 abiurans
1769 1806 1951 1850 triennio
1964 1803 2063 1852 fines
2080 1809 2240 1867 imperij
2257 1840 2268 1855 ‚
2284 1822 2394 1852 tran-

1413 1868 1587 1916 slatusin
1602 1869 1803 1932 Angliam
1819 1869 1871 1917 ad
1906 1867 2116 1918 sororium
2153 1869 2277 1918 suum
2312 1875 2394 1932 R·-

1412 1932 1606 1982 chardum
1625 1935 1788 1997 Angliae
1803 1939 1964 1998 Regem
1980 1955 2079 1983 cum
2097 1956 2226 1984 vxore
2263 1955 2309 1984 ac
2342 1937 2392 1984 li-
2417 1987 2546 2008 cccxx-iv

1413 1998 1519 2047 beris
1547 2040 1555 2048 .
1592 2002 1944 2048 Patrimoniolum
1980 2019 2120 2049 tamen
2157 2002 2212 2048 illi
2247 2000 2392 2050 suum
2417 2005 2475 2054 Leo'
2490 2005 2545 2055 ”in

1411 2068 1648 2128 Imperator
1692 2064 1876 2129 permisit
1912 2070 1954 2113 in
1991 2068 2228 2116 meditullio
2261 2074 2368 2115 Saxo
2415 2073 2541 2117 Anglia

1412 2134 1490 2180 niae
1524 2171 1532 2179 .
1578 2137 1670 2181 Rex
1715 2132 1876 2195 Angliae
1923 2131 2157 2181 honorifice
2216 2138 2387 2180 venien-·
2403 2129 2534 2173 exulat.

1417 2215 1504 2245 tem
1519 2201 1680 2261 excepit
1698 2232 1713 2249 ‚
1730 2217 1847 2245 arma
1868 2198 2072 2260 pollicitus
2088 2231 2101 2251 >
2136 2197 2169 2246 si
2181 2199 2300 2249 vellet
2316 2219 2391 2263 pu-

1416 2282 1563 2327 gnare.

478 2363 745 2407 osslTVs
781 2364 1255 2423 ALEXAWDRJ
1283 2366 1357 2412 ΙΙΙ.
1393 2367 1697 2410 PONTIF.
1735 2367 1903 2410 MAX.
1972 2366 2105 2411 Anno
2147 2369 2281 2410 1181.

484 2461 526 2504 Ic
542 2477 674 2505 annus
690 2457 912 2505 Alexandro
948 2457 1142 2507 Pontifici
1177 2459 1347 2507 vltimus

514 2519 619 2575 fuit,
641 2524 755 2586 gesto
775 2523 1023 2573 Pontificatu
1040 2544 1112 2588 per
1138 2545 1269 2573 annos
1286 2530 1345 2574 vi-

363 2591 470 2650 ginti
486 2590 610 2637 duos.
650 2594 729 2637 Vir
744 2610 836 2638 acer
853 2595 895 2638 in
913 2595 1075 2654 primis,
1093 2594 1193 2637 &in
1212 2590 1343 2639 susce-

363 2670 436 2715 pta
457 2652 630 2703 ecclesiae
652 2652 893 2704 defensione
908 2658 1127 2707 constans,
1165 2661 1344 2705 inimici-

365 2722 429 2777 tijs
446 2720 664 2771 fridericz',
676 2741 774 2784 quas
792 2741 877 2769 non
897 2740 984 2770 tam
1003 2722 1217 2770 moderate
1233 2742 1343 2770 exer-

364 2787 452 2831 cuit
468 2819 482 2835 ,
499 2784 627 2848 quam
646 2783 812 2834 fortiter
828 2787 1035 2851 fiiperauit
1051 2823 1064 2839 ,
1083 2791 1244 2837 virtutis
1265 2823 1278 2839 ‚
1300 2797 1342 2836 δεῖ

365 2854 583 2900 memoriae
597 2849 769 2914 insignis
789 2892 798 2896 .
833 2854 951 2901 Iustis
968 2851 1174 2917 perstetis,
1192 2856 1342 2902 Cardi«

363 2915 473 2962 nales
506 2915 770 2979 sublegerunt
808 2917 1045 2966 Hubaldum
1061 2919 1339 2982 Episcopum„

365 2980 618 3035 Ostiensem,
637 2986 778 3032 virum
795 3001 840 3033 vt
854 3001 970 3033 aetate
983 3019 995 3035 ‚
1012 2983 1067 3033 sic
1088 2987 1341 3047 prudentia-2

1418 2479 1590 2523 grauem
1604 2495 1616 2511 ,
1635 2463 1705 2523 qui
1723 2477 1767 2508 vt
1783 2478 1869 2509 erat
1882 2464 2014 2522 patria
2030 2458 2227 2509 Lucensis
2241 2496 2254 2512 ‚
2277 2459 2333 2510 fic
2359 2468 2398 2509 le
2412 2455 2547 2523 Sal-54²¹·

1416 2529 1591 2573 Lucium
1610 2533 1684 2573 ΠΙ.
1700 2527 1919 2588 appellauit
1935 2563 1944 2569 .
1979 2530 2017 2573 Is
2033 2545 2146 2574 anno
2164 2527 2279 2576 Kal.1
2300 2534 2346 2574 18
2359 2550 2397 2574 z.
2422 2511 2548 2593 1212ng

1416 2611 1513 2639 cum
1540 2591 1710 2639 audisset
1739 2592 2012 2654 Christianum
2050 2591 2246 2655 Archiep.
2282 2609 2393 2639 nom
2405 2618 2469 2650 111·
2482 2618 2548 2646 ‘Pax
2563 2627 2564 2637 ,

1417 2657 1538 2721 longe
1556 2656 1608 2705 ab
1627 2657 1729 2705 vrbe
1744 2657 1901 2705 morbo
1913 2657 2166 2719 implicitum
2178 2662 2220 2705 in
2234 2677 2393 2721 magno
2409 2674 2474 2712 pa,

1414 2722 1488 2770 effe
1507 2727 1597 2772 vitae
1614 2722 1870 2773 discrimine,
1889 2726 2256 2788 iniuriarum,quas
2267 2725 2392 2772 eccle-

1414 2786 1479 2837 fiae
1496 2786 1649 2837 fecerat
1666 2821 1678 2841 ,
1696 2787 1864 2852 prorsus
1880 2787 2032 2836 oblitus
2053 2790 2154 2850 adijt
2167 2825 2180 2841 ‚
2197 2810 2243 2838 ac
2256 2795 2391 2851 noxiis

1415 2874 1486 2917 per
1502 2853 1732 2902 solemnem
1750 2851 2058 2903 confeffionem
2080 2858 2258 2903 remiffis
2272 2888 2283 2907 ,
2308 2860 2390 2904 via-

1414 2923 1546 2968 ticum
1567 2919 1742 2984 praebuit
1757 2956 1769 2972 ‚
1805 2939 1926 2983 atque
1938 2918 2076 2983 ipsum
2087 2938 2281 2982 agentem
2298 2925 2388 2970 ani-

1413 3005 1530 3034 mam
1543 2988 1704 3050 reliquit
1716 3027 1725 3035 .

700 3087 874 3129 PAX
940 3089 1673 3132 COWSTAWTIAE.
1743 3089 1874 3132 Anno
1918 3089 2052 3142 1183.

364 3178 566 3283 PRope
583 3177 710 3227 finem
728 3196 846 3227 erant
866 3180 1041 3228 induciae
1067 3184 1173 3227 inter
1206 3185 1339 3229 Lom-

478 3241 629 3291 bardos
644 3254 685 3292 &
703 3246 960 3293 Fridericum
974 3248 1124 3309 paCtae:
1147 3252 1340 3295 Henrlcus

366 3325 506 3357 autem
524 3314 565 3355 F
567 3310 725 3358 riderici
740 3310 843 3359 filius
860 3311 1008 3360 Italica:
1023 3330 1189 3360 corona·
1215 3317 1341 3375 agita-

365 3391 431 3422 tus
447 3372 634 3426 libidine,
647 3376 820 3439 rogabat
833 3396 995 3439 patrem
1008 3394 1053 3425 vt
1069 3380 1228 3440 integra
1242 3398 1342 3440 pace

366 3459 457 3487 rem
474 3439 599 3488 Italiae
616 3439 800 3490 firmaret
813 3477 826 3493 ,
838 3439 922 3490 fine
938 3441 1019 3506 quai
1037 3462 1109 3490 nec
1127 3448 1243 3505 regni
1256 3442 1341 3505 spe-

366 3503 487 3553 rabat
504 3503 793 3567 poffeffionem
809 3507 1111 3571 secura1n‚neq;
1122 3528 1340 3556 coronam.

366 3575 451 3618 Cui
466 3570 692 3619 Fridericus
706 3607 718 3622 ‚
739 3576 770 3628 ff
775 3591 915 3638 pacem
930 3577 1046 3639 aequis
1063 3574 1339 3622 condicionibus

366 3652 557 3701 quaeram,
577 3656 647 3682 non
663 3657 827 3685 renuam
846 3675 856 3685 .
890 3643 1009 3687 Tum
1022 3643 1226 3687 Heni-icus
1239 3673 1251 3691 ,
1263 3658 1338 3705 pa-

367 3721 449 3748 cem
457 3702 555 3764 fimt
570 3699 683 3752 «vltra
694 3706 870 3769 petiturae
882 3737 895 3756 ,
903 3706 943 3768 fi
954 3705 1099 3771 legatos
1114 3709 1155 3752 in
1171 3705 1338 3753 ltaliam

1411 3200 1501 3228 cum
1520 3181 1641 3230 libera
1657 3184 1823 3245 misti-is.
1841 3181 1966 3231 Hisce
1981 3181 2388 3234 auditis,Fridericus

1411 3247 1668 3296 Gulielmum
1687 3246 1942 3312 Episcopum
1958 3246 2205 3295 Hastensem
2224 3281 2237 3300 ‚
2272 3252 2390 3296 Mar—

1411 3312 1607 3361 chionem
1625 3319 1842 3361 Henrl'cnm
1861 3310 2276 3365 Guericumffiratrem
2288 3321 2388 3360 Teo-

1411 3379 1601 3431 doricum,
1614 3389 1656 3427 &
1671 3378 1898 3444 Rudolfitm
1915 3383 2208 3427 Camerarium
2222 3380 2386 3427 Placen—

1411 3448 1512 3491 tiam
1529 3465 1579 3493 eo
1595 3450 1767 3493 nomine
1784 3443 1895 3492 misit
1922 3483 1930 3492 .
1964 3446 2096 3508 Qod
2123 3465 2221 3493 cum
2238 3449 2385 3493 ciuita-

1411 3509 1518 3558 tibus
1536 3515 1736 3563 innotuit‚
1754 3514 1941 3573 protinus
1957 3510 2109 3573 legatos
2125 3520 2168 3558 &
2193 3510 2286 3574 ipsae
2302 3514 2384 3558 mi-

1409 3574 1549 3624 serunt
1566 3613 1576 3622 .
1613 3577 1700 3626 Vbi
1720 3576 1863 3624 habito
1875 3594 2090 3625 conuentu
2101 3580 2246 3640 Legati
2259 3574 2387 3626 Caesa.
2414 3628 2429 3635 d
2439 3578 2517 3635 Ἰζᾶ-ξ’

1408 3644 1462 3688 ris
1474 3642 1630 3690 tabulas
1645 3642 1905 3706 protulerunt
1919 3674 1932 3694 ,
1957 3640 2107 3705 quibus
2122 3663 2189 3691 eos
2206 3625 2540 3690 arbitr-massam·

1407 3712 1516 3770 pacis
1552 3710 1784 3756 Fridert'cus
1817 3707 2057 3757 decreuerat
2077 3747 2087 3756 .
2121 3706 2247 3757 I-lisce
2280 3710 2384 3754 reci—

2200 3789 2319 3822 tans,
