2592 4133
135 328 280 373 Seth-An·v

160 392 245 428 1250

171 600 256 637 1237

168 1290 251 1325 1238

175 1581 262 1618 1249

178 2271 262 2313 1248

180 2803 265 2839 1250

615 217 978 301 Fridericus
999 219 1088 298 II.
1103 219 1344 299 Occid.
1366 223 1535 328 Imp.
1559 222 1815 301 XXVI.

996 335 1057 379 Vt
1068 329 1144 378 sub
1155 352 1230 380 aere
1246 330 1443 396 sacrilego

721 399 976 459 Sanguinem
1007 393 1211 459 copiosius
1237 398 1430 446 Christus
1461 396 1691 446 effunderet
1704 434 1715 444 .

931 462 1146 512 Inundans
1162 462 1325 512 Italiam
1351 463 1480 510 milite
1500 499 1512 514 ,

659 543 705 576 vt
720 527 969 577 Pontificem
980 530 1033 577 ad
1049 533 1215 576 veniam
1227 546 1392 592 cogeret
1406 562 1418 581 ,
1437 529 1498 577 vel
1515 530 1566 576 ad
1581 531 1750 578 vulnera
1768 564 1782 580 ‚

627 593 873 644 flaminiam
905 629 919 646 ,
954 595 1117 643 Italiam
1135 627 1148 647 ‚
1183 594 1424 643 Insubriam
1435 614 1564 642 ouans
1582 596 1815 660 ingreditur

918 681 990 724 per
1001 679 1161 709 moenia
1174 679 1260 709 non
1278 681 1350 724 per
1362 677 1501 723 portas
1513 699 1522 708 .

885 726 1094 790 Insepulta
1111 724 1301 775 iacebant
1327 727 1529 775 cadauera
1544 759 1557 778 >

952 796 1048 855 quia
1064 797 1187 841 tantis
1199 810 1307 841 terra
1322 791 1468 843 deesset
1481 828 1491 838 .

1016 864 1071 908 Et:
1087 858 1220 922 plures
1236 860 1392 908 occidit
1411 894 1423 911 ,

774 927 869 986 quia
887 926 1075 986 Captiuis
1090 930 1307 974 Cremona
1333 945 1419 973 non
1432 923 1642 975 sufficeret
1656 962 1665 972 .

1016 990 1132 1038 Itali&
1168 988 1254 1038 fere
1273 990 1429 1047 delet&

726 1071 772 1103 vt
782 1075 875 1103 eam
891 1059 935 1102 in
954 1054 1126 1104 vrbibus
1137 1077 1334 1120 quaereres
1349 1093 1360 1109 ,
1396 1067 1438 1105 &
1455 1063 1496 1104 in
1514 1055 1562 1104 e&
1579 1055 1720 1105 vrbes.

595 1120 728 1183 Quod
746 1124 789 1166 in
805 1119 852 1168 ezi
864 1141 950 1169 non
964 1118 1146 1170 fecerant
1158 1121 1325 1172 barbari
1357 1121 1546 1174 fecerunt
1589 1120 1847 1171 AEnobarbi.

693 1189 757 1234 Ex
773 1203 835 1235 tot
861 1185 1070 1248 manubijs
1085 1190 1185 1252 quid
1204 1195 1297 1238 Deo
1312 1191 1524 1253 rependat?
1544 1190 1729 1251 pandam
1746 1227 1754 1235 .

821 1257 1067 1302 Sarracenos
1083 1255 1398 1318 Magistratibus
1425 1253 1595 1317 praeficit
1612 1290 1627 1308 ,

939 1323 1033 1368 Nec
1048 1319 1189 1368 deficit
1204 1321 1488 1370 Encomiastes
1501 1358 1514 1373 ,

893 1391 1013 1434 Dum
1030 1390 1140 1434 Petri
1166 1385 1340 1436 succidit
1368 1392 1563 1438 vineam,

958 1452 1099 1503 laudat
1116 1461 1254 1500 Petrus
1266 1454 1313 1500 de
1331 1457 1470 1501 Vz'nez's
1487 1493 1495 1502 .

796 1520 960 1581 Dignus
978 1522 1137 1567 vteoin
1154 1520 1242 1567 Sole
1267 1520 1410 1568 lumen
1426 1524 1636 1568 amitteret
1648 1553 1662 1573 ‚

906 1589 1022 1634 cuius
1038 1584 1207 1634 nebulas
1233 1606 1320 1634 non
1337 1588 1531 1634 cernebat
1549 1621 1560 1633 .

1067 1653 1222 1700 Adeste
1248 1650 1399 1700 fortes:

961 1718 1192 1768 Rediuiuus
1217 1719 1275 1766 est
1298 1718 1501 1782 Sampson

667 1780 922 1831 Cardinibus
940 1785 1004 1834 vel
1029 1784 1322 1834 Cardinalibus
1348 1783 1562 1833 labefactis
1592 1787 1798 1834 Romanis

1013 1852 1186 1914 impellit
1212 1849 1440 1900 Ecclesiam
1455 1888 1464 1898 .

861 1917 940 1965 Sed
967 1915 1039 1965 sua
1055 1921 1163 1968 inter
1179 1916 1365 1980 troph-xa
1394 1922 1602 1970 moritur,

838 1990 881 2028 δε
898 1987 1087 2031 animam
1103 1987 1203 2033 Viuo
1220 1985 1357 2046 perdit
1378 1988 1420 2032 in
1438 2003 1616 2047 corpore
1634 2022 1642 2031 .

911 2049 1146 2097 Columnas
1178 2067 1348 2114 vterque
1364 2049 1524 2098 sustulit
1541 2084 1555 2102 ‚

877 2114 942 2162 ille
976 2119 1200 2177 impietatis
1237 2150 1249 2166 ‚
1287 2115 1357 2163 iste
1392 2119 1552 2178 pietatis
1584 2155 1592 2163 .

933 2180 1004 2227 Ille
1017 2181 1094 2244 pto
1111 2182 1300 2234 Deo,iste
1312 2187 1354 2229 in
1373 2189 1514 2231 Deum
1533 2222 1541 2230 .

769 2251 884 2294 Hinc
900 2266 1030 2296 caecus
1048 2250 1288 2296 Vietoriam
1305 2247 1488 2296 crinibus
1499 2249 1700 2311 alligauit:

698 2314 859 2362 Videns
893 2316 936 2360 in
969 2333 1062 2362 arce
1096 2314 1279 2362 Vafssoriae
1305 2312 1442 2362 amifit
1468 2314 1733 2377 triumphum
1760 2350 1770 2361 .

832 2378 1061 2444 Postqucim
1081 2384 1125 2427 in
1144 2379 1415 2444 Lugdunensi
1440 2382 1636 2429 Concilio

1081 2446 1219 2494 Soluta
1236 2448 1390 2511 Aquila

737 2507 934 2560 &Caesare
950 2515 993 2558 in
1020 2513 1280 2560 fridericum
1296 2511 1502 2562 contorfit
1527 2511 1705 2561 fulmina
1723 2531 1732 2557 τ

605 2580 677 2642 qui
692 2576 858 2624 Orbem
875 2574 1013 2626 amisit
1027 2610 1040 2630 ,
1074 2581 1168 2641 quia
1186 2581 1227 2626 in
1243 2579 1409 2627 Vrbem
1426 2576 1601 2627 immisit
1614 2612 1627 2631 ‚
1661 2575 1841 2626 &irrisit
1854 2617 1863 2625 .

998 2649 1148 2708 Regno
1162 2644 1263 2693 liber
1278 2654 1320 2693 &
1337 2643 1473 2693 liberis

738 2707 846 2758 terra)
861 2726 980 2759 extor
997 2743 1010 2763 ‚
1031 2730 1115 2773 quo
1132 2707 1290 2759 facilius
1305 2728 1488 2760 enataret
1504 2716 1546 2760 in
1561 2711 1734 2759 Coelum

1981 255 2105 323 305

2170 574 2293 611 XXIV.

2125 628 2156 659 V
2159 624 2276 658 ι’ἷίονὶιε

2189 1153 2285 1194 XXV
2290 1180 2296 1188 .

2183 1495 2313 1533 XXVI.

2133 1546 2238 1579 oculos
2250 1543 2334 1577 eruit
2346 1540 2403 1579 Pe-

2090 1606 2138 1633 tro
2151 1599 2187 1632 de
2198 1596 2313 1631 Vincis

2182 1807 2327 1844 XXVII.

2162 1856 2346 1891 cardinales
2377 1860 2409 1892 5.

2100 1907 2334 1951 Rom.Ecclefi.e
2349 1918 2420 1954 cap-

2100 1952 2186 2000 ai'uos
2207 1958 2301 1997 habet
2317 1973 2323 1982 ¹

2177 2254 2332 2293 XXVIII.

2143 2309 2179 2338 In
2192 2305 2330 2338 ciuitate
2353 2304 2415 2336 Vi-

2097 2358 2198 2392 Horiae
2210 2356 2270 2397 a‘se
2296 2364 2408 2389 extru-

2096 2411 2160 2456 sm,
2175 2410 2335 2446 vincitur.

671 2773 819 2824 abiecit
841 2774 1018 2825 sarcinas
1045 2795 1193 2840 praeter
1233 2777 1426 2827 malleum
1457 2776 1527 2826 sed
1560 2779 1800 2826 Poenicenciae
2181 2782 2316 2837 XXIX.-

865 2862 950 2905 quo
964 2842 1085 2906 ports}
1097 2844 1206 2892 Coeli
1220 2841 1327 2891 felici
1341 2842 1433 2891 nisu
1446 2843 1606 2892 reuulsa
2094 2839 2403 2919 nitre'zxngg‘tpoe‘

671 2927 805 2957 nouus
820 2909 1049 2957 Enceladus
1062 2929 1132 2972 per
1147 2910 1298 2973 gradus
1313 2906 1567 2959 confusionis
1582 2908 1766 2959 ascendit
1783 2948 1792 2956 .

1018 2977 1282 3024 Nediffidite
1298 2981 1429 3040 Reges
1448 3011 1459 3020 .

839 3038 981 3103 Vsque
1007 3043 1049 3087 in
1081 3042 1225 3089 Coelos
1242 3041 1409 3105 grassari
1440 3043 1607 3106 potestis
1627 3082 1636 3090 .

910 3112 1022 3154 Deus
1039 3106 1123 3171 ipse
1137 3109 1255 3156 cedet
1267 3112 1375 3156 inter
1386 3113 1529 3172 opima
1546 3127 1556 3152 :

802 3169 1030 3240 fioptimos
1065 3206 1080 3226 ,
1116 3177 1159 3220 in
1174 3172 1255 3221 fine
1279 3173 1423 3223 saltem
1450 3178 1664 3224 inueniat„

467 3648 843 3701 NVMISMATA
864 3681 876 3701 ³
909 3651 990 3697 ET
1024 3649 1258 3696 SIGNVM
1294 3654 1625 3714 FRJDERJCI
1655 3656 1705 3697 ll,
1744 3651 1853 3700 Vide
1865 3674 1956 3717 pag.
1971 3664 2010 3700 6.
2192 3661 2296 3701 XXX.

2019 3773 2133 3818 CA-
