2592 4133
483 293 621 358 }74
699 259 757 340 F
757 257 1049 337 ridericus
1072 251 1545 337 IAEriobarbus
1567 257 2207 370 OccidJmeXII.

359 370 623 436 principibus
639 367 755 436 Velfo
772 373 1162 431 VILcognomento
1187 368 1337 437 luniqr,
1384 380 1390 482 t
1415 365 1540 431 genfis
1551 364 1706 433 insigni
1720 388 1858 419 morte
1869 369 2017 420 sublati
2028 373 2212 428 sunt,De
2224 380 2393 444 Vvelfo.

196 425 336 465 Salan-
360 440 622 505 &rengarius
654 434 920 498 Salzbachius
953 438 1151 500 Henrttus
1184 438 1226 496 T
1328 494 1335 496 ‚
1509 450 1611 512 auca
1622 435 1870 509 recenseam.
1886 442 1978 488 Fuit
1994 440 2067 489 iste
2083 443 2304 511 Vvefflrnis
2318 450 2391 497 Vl.

199 480 314 518 1166.

235 527 331 564 ccl-vt

212 3656 303 3685 cctvl
309 3657 323 3684 1

350 1237 522 1287 senioris
537 1236 656 1287 filius,
669 1241 855 1302 quicum
872 1098 1153 1297 alcgpjffeLQh

350 1305 541 1353 Palatino
558 1336 571 1355 ,
592 1306 765 1351 Comite
789 1299 1055 1364 Tubingensi
1081 1299 1150 1348 sex
1167 1300 1326 1349 nobiles

347 1386 447 1418 ortu
463 1405 477 1421 ‚
490 1369 560 1418 sed
576 1369 754 1416 latrones
772 1366 958 1415 moribus
975 1369 1211 1418 conuicio&
1229 1383 1328 1430 quo.

347 1454 446 1485 rum
462 1439 646 1500 quinque
662 1435 714 1482 ad
737 1439 943 1498 Hugonem
970 1436 1222 1496 pertinentes
1248 1437 1325 1480 im-

345 1502 459 1565 pune
477 1498 660 1548 dimissos
679 1534 694 1551 ,
716 1519 851 1549 vnum
874 1497 973 1547 vero
993 1500 1046 1547 ad
1066 1497 1325 1562 Vvelfhnem,

343 1570 479 1628 capite
509 1566 762 1614 damnatum
780 1598 792 1617 ‚
827 1565 1005 1613 minime
1033 1582 1143 1613 ratus
1159 1581 1324 1612 tantam

344 1631 609 1680 tolerandam
626 1632 872 1678 iniustitiam
889 1665 903 1681 ‚
927 1628 1254 1679 satisfastionem
1270 1628 1323 1678 ab

343 1703 511 1761 Hugone
535 1700 652 1758 petijt
676 1729 688 1749 ‚
713 1702 785 1763 qui
802 1714 970 1744 tantum
993 1695 1133 1748 abest,
1169 1715 1214 1746 vt
1231 1716 1322 1744 mo-

343 1762 457 1811 deste
484 1766 686 1825 acciperet
704 1798 718 1815 ,
749 1760 899 1812 verum
922 1766 1140 1811 minaciter
1155 1761 1325 1826 respon-

344 1829 461 1876 deret
478 1864 488 1873 .
522 1832 648 1876 Proin
672 1824 786 1876 ferro
804 1831 852 1876 V
844 1826 961 1894 velfh
991 1829 1208 1877 decernete
1241 1827 1324 1876 sta-

344 1911 463 1942 tuens
479 1929 493 1945 ,-
530 1898 711 1957 quinque
737 1912 999 1943 armatorum
1019 1895 1145 1942 millia
1158 1892 1323 1943 Tubin-

343 1979 440 2023 gam
465 1960 668 2008 adduxit.
705 1960 931 2008 Conciliati
954 1977 1054 2009 tunc
1078 1959 1203 2008 essent
1220 1995 1234 2011 ,
1269 1957 1323 2007 fe-

340 2030 502 2074 rociam
525 2029 763 2072 remittente
786 2031 967 2089 Hugom,
981 2031 1024 2073 ni
1050 2026 1238 2074 militaris
1254 2023 1321 2074 fu—

338 2110 414 2140 ror
450 2091 585 2138 studia
607 2092 768 2139 ducum
796 2090 1058 2154 praeuertisset
1075 2131 1083 2138 .
1119 2090 1324 2157 Vvelfoni

336 2160 427 2203 anis
445 2156 546 2205 vcro
567 2155 713 2204 iniuffu
738 2161 866 2205 Ducis
892 2160 1096 2218 iniquiore
1127 2157 1220 2205 loco
1248 2177 1322 2220 pu-

339 2221 583 2285 gnantibus,
601 2240 647 2272 vt
664 2242 797 2287 neque
819 2221 982 2270 succedi
1004 2227 1149 2286 primis
1173 2222 1319 2286 posset,

336 2307 412 2336 nec
430 2289 634 2336 retrocedi
656 2321 668 2341 ,
686 2292 892 2351 nongenti
909 2293 1062 2352 captiui
1077 2286 1179 2336 faeti
1193 2325 1204 2339 ‚
1218 2293 1312 2337 Tu-

336 2351 511 2417 bingam
528 2353 799 2417 obripiuntur
816 2393 825 2401 .
860 2359 1055 2418 Acceptae
1065 2355 1190 2403 cladis
1201 2351 1315 2404 fama

338 2422 387 2466 V
380 2418 584 2485 velfimem
613 2420 819 2468 seniorem
840 2428 882 2466 δε
898 2420 1107 2469 Caelarem
1124 2421 1231 2468 illico
1249 2426 1315 2468 in.,

339 2488 613 2533 Germaniam
634 2490 844 2533 reuocauit
862 2519 876 2537 ‚
910 2491 982 2550 qui
997 2485 1116 2536 causa
1133 2485 1226 2533 belli
1242 2508 1315 2535 co-

340 2554 456 2613 gnita
473 2586 487 2602 ‚
510 2555 697 2614 captiuos
713 2552 832 2599 reddi
848 2555 960 2599 iussit
978 2587 991 2603 ‚
1008 2561 1051 2599 δε
1067 2571 1213 2616 pacem
1226 2551 1316 2600 san-

339 2620 401 2663 xit
425 2654 433 2663 .
484 2619 588 2663 Non
637 2635 852 2680 propterea
882 2619 1118 2665 vindictam
1158 2616 1316 2666 dimifit

338 2683 486 2728 Iunior
504 2685 550 2728 V
543 2681 672 2746 velfh5
685 2683 776 2745 post
791 2702 950 2731 annum
962 2685 1013 2731 ad
1031 2703 1147 2731 arma
1165 2683 1316 2737 versus,

338 2750 521 2810 Hugonls
539 2751 804 2809 prouinciam
820 2749 1042 2812 populatur
1059 2755 1171 2798 ‚Nec
1186 2749 1318 2813 segnis

339 2815 478 2859 accitis
496 2811 971 2876 BohemislGermaniam
985 2817 1182 2876 incendijs
1194 2817 1320 2864 vasta*

339 2881 401 2925 uit
419 2916 428 2925 .
452 2883 505 2927 ff
509 2897 582 2941 gre
597 2878 678 2926 hoc
694 2876 830 2927 ferens
847 2885 961 2945 Hugo
978 2885 1137 2946 Hugom'
1151 2884 1203 2930 ad
1221 2902 1318 2930 cau-

341 2939 434 2991 sam
481 2944 706 2992 dicendam
755 2944 981 2993 Fridericus
1026 2948 1160 2995 vlmae
1206 2948 1319 2995 diem

341 3008 484 3056 statuit
502 3044 515 3061 ,
551 3010 624 3057 vbi
653 3013 702 3058 V
695 3009 927 3074 velfhmbus
948 3016 1124 3075 Hugonis
1145 3014 1319 3060 damna-

346 3078 508 3121 tionem
557 3073 900 3124 incumbentibus
933 3112 946 3128 ,
995 3077 1098 3138 exilij
1135 3095 1204 3125 aut
1241 3099 1317 3128 vo-

343 3138 533 3188 luntariae
562 3141 788 3189 deditionis
819 3143 871 3191 ad
904 3140 1125 3190 arbitrium
1144 3143 1317 3209 chljb-

344 3207 408 3250 nis
443 3201 643 3254 faciendae
675 3205 814 3256 Caesar
840 3204 1039 3270 imposuit
1071 3209 1318 3258 iudicium.

345 3272 396 3318 V
387 3267 503 3335 velfo
515 3274 720 3334 Hugonem
733 3272 945 3337 genuasua
973 3273 1236 3334 prensantem
1259 3293 1319 3323 ter

344 3334 610 3400 repullcmihil
626 3335 664 3385 se
682 3342 838 3387 morari
855 3341 1095 3386 dedititium
1112 3337 1319 3401 professus.

345 3401 545 3449 Tandem
569 3403 678 3449 velut
696 3402 801 3452 bello
816 3422 988 3468 captum
1016 3409 1059 3452 in
1089 3404 1319 3453 Rhoetiam

342 3464 591 3530 Huinburgi
609 3467 896 3517 asseruandum
914 3471 1168 3533 depoi‘tauia
1188 3470 1258 3518 vbi
1277 3476 1318 3520 in

343 3527 531 3595 squalore
548 3536 651 3579 leit
679 3565 691 3584 ,
726 3536 861 3584 donec
888 3539 937 3583 V
928 3534 1088 3601 velfime
1116 3540 1320 3585 iuniore)

346 3614 519 3645 mortuo
536 3629 549 3649 ,
568 3595 589 3644 zi
609 3601 762 3644 seniore
779 3599 1021 3650 liberaretur
1043 3638 1054 3647 .
1087 3605 1135 3648 In
1159 3603 1319 3662 Palesti-

345 3680 446 3709 nam
459 3660 613 3711 abierat
631 3662 706 3712 iste
719 3698 732 3714 2
750 3673 792 3711 &
809 3670 1016 3715 iuniorem
1031 3665 1185 3716 Caesari
1201 3688 1319 3716 com-

347 3728 643 3781 mendauerat,
678 3748 804 3793 quem
838 3734 970 3781 redux
1006 3749 1121 3797 pater
1133 3753 1230 3782 cum
1248 3755 1317 3782 eo-

1174 506 1715 695 )ὝῘΝ
1782 529 1787 570 ³

1596 1140 1656 1195 s

1400 1165 1403 1168 ,
1419 1169 1443 1186 x
1455 1149 1511 1173 “s

1375 1212 1676 1298 densfiqsare
1709 1238 2015 1305 Hierosolymis
2048 1243 2200 1304 reperit
2226 1274 2241 1292 ‚
2276 1257 2369 1287 ma—

1390 1323 1478 1366 gno
1512 1305 1724 1369 Vtriusque
1750 1324 1941 1369 exceptus
1958 1304 2123 1368 plausu.
2164 1307 2239 1354 Sed
2251 1306 2366 1370 quod

1391 1374 1694 1432 Imperatorem
1726 1371 1751 1418 :i
1785 1370 2067 1434 persecutione
2094 1371 2306 1420 Pontificis
2323 1391 2365 1418 a-

1391 1453 1550 1484 uertere
1584 1456 1673 1483 non
1709 1437 1837 1499 posset
1866 1469 1879 1489 ,
1924 1456 1975 1483 ne
2012 1437 2076 1485 vel
2109 1437 2250 1485 oculus
2286 1456 2366 1483 no-

1391 1521 1488 1549 xam
1505 1500 1772 1550 contraheret
1791 1537 1805 1554 ‚
1840 1506 1882 1549 in
1917 1505 2193 1549 Germaniam
2210 1504 2336 1562 redijt
2354 1534 2366 1553 ,

1388 1587 1437 1615 eo
1471 1587 1558 1615 vno
1594 1565 1739 1615 infelix
1766 1601 1779 1620 ,
1815 1568 1931 1632 quod
1966 1587 2055 1614 non
2092 1565 2177 1615 vna
2210 1567 2367 1615 filium,

1387 1631 1613 1681 abstraxit:
1650 1653 1749 1681 nam
1785 1637 1828 1681 in
1864 1653 1970 1682 vrna
2005 1632 2219 1682 remissum
2254 1652 2366 1682 rece-

1387 1702 1449 1762 pit
1472 1732 1486 1751 ,
1520 1708 1564 1747 &
1597 1703 1641 1746 in
1674 1720 1724 1746 eo
1759 1698 1874 1762 spem
1909 1715 2045 1746 totam
2080 1696 2263 1762 sepeliuit
2295 1718 2369 1762 po-

1385 1765 1575 1812 steritatis
1601 1800 1610 1810 .
1645 1769 1797 1814 Caeteri
1826 1763 1968 1813 derasa
2002 1763 2179 1814 Caesarie
2206 1768 2367 1812 nonni*

1386 1829 1443 1877 hil
1465 1829 1708 1878 leuabantur
1724 1863 1738 1882 ‚
1773 1835 1952 1879 mortuis
1977 1828 2107 1894 quam
2128 1827 2367 1878 viuentibus

1385 1893 1627 1944 similiores.
1662 1904 1752 1943 Octo
1770 1900 1818 1943 V
1811 1895 2099 1959 vicelss'mchius
2124 1892 2238 1944 felici
2255 1892 2366 1943 sorte

1386 1966 1429 2009 in
1455 1965 1678 2010 Bizantina
1695 1963 1901 2024 legatione
1925 1981 2025 2010 cum
2047 1961 2251 2009 friderico
2281 1966 2368 2009 An-

1374 2029 1473 2089 strio
1517 2044 1776 2091 occupatus,
1811 2026 1996 2091 supplicii
2032 2025 2212 2090 effugere
2261 2047 2367 2076 con-

1384 2091 1564 2141 sortium
1586 2133 1595 2141 .
1639 2094 1869 2142 Fridericus
1902 2094 2075 2141 tandem
2101 2097 2367 2141 immanitate

1384 2158 1511 2207 cladis
1526 2162 1744 2206 exterritus
1761 2194 1774 2211 ,
1811 2157 1932 2207 rebus
1949 2159 2216 2221 tumultuarie
2234 2162 2276 2206 in
2301 2178 2370 2206 vr-

1386 2223 1437 2272 be
1456 2222 1700 2288 compositis
1718 2257 1731 2277 ,
1765 2224 2009 2273 hominibus
2027 2222 2181 2272 inuisus
2198 2257 2211 2276 ,
2237 2230 2367 2287 Supe-

1385 2294 1438 2339 ris
1454 2290 1690 2338 execrabilis
1709 2294 1825 2338 VIII.
1842 2292 1904 2338 Id.
1923 2294 2034 2353 Aug.
2061 2306 2199 2338 morte
2215 2289 2368 2353 vbique

1383 2362 1614 2405 comitante
1637 2360 1715 2403 iter
1737 2355 1932 2420 ingressus
1948 2391 1961 2408 ,
1998 2361 2122 2404 Lucae
2137 2359 2367 2403 nuncium,

1350 2470 1352 2472 ,
1387 2426 1545 2486 accepit
1559 2457 1573 2474 ,
1592 2420 1899 2488 Longobardos
1914 2421 2076 2470 sociatis
2097 2425 2224 2469 armis
2245 2440 2367 2469 eum)

1386 2486 1562 2535 transitu
1588 2487 1898 2551 prohibituros.
1933 2488 2165 2551 Indignum
2189 2486 2281 2534 Itali
2306 2506 2369 2534 ar-

1388 2552 1603 2605 bitrantes,
1621 2557 1918 2602 Germanicam
1950 2554 2053 2602 vltra
2070 2555 2156 2615 pati
2172 2571 2369 2615 arrogan-

1387 2624 1516 2671 tiam,
1530 2639 1608 2683 pro
1626 2620 1879 2668 vindicanda
1908 2617 2094 2666 libertate
2121 2615 2261 2666 foedus
2278 2637 2368 2680 per-

1387 2684 1588 2734 cusserant
1606 2721 1616 2730 .
1650 2690 1828 2733 Fuerunt
1845 2685 1909 2730 isti
1928 2681 2205 2735 Veronenses,
2217 2687 2370 2732 Vicen-
2383 2704 2528 2772 Lectvxlu

2408 2751 2480 2783 ongo
2491 2751 2513 2778 2,

2377 2790 2479 2835 foecz'us
2495 2821 2502 2831 ,

1388 2755 1482 2802 tini,
1504 2753 1708 2801 Patauini,
1722 2747 2027 2813 Taruifini‚qui
2043 2768 2142 2798 cum
2161 2749 2367 2798 veteribus

1389 2816 1619 2865 conflitstati
1641 2816 1927 2864 incommodis
1945 2848 1958 2867 ,
1974 2834 2067 2864 tum
2086 2819 2245 2863 recenti
2267 2817 2367 2861 Fri-

1388 2882 1509 2929 alerici
1532 2880 1722 2944 superbia
1743 2885 1893 2930 irritati
1908 2881 1932 2928 a
1950 2885 2100 2929 virtute
2116 2880 2367 2929 censuerunt

1389 2948 1617 3011 petendum
1634 2948 1831 2996 auxilium
1851 2983 1864 2999 ,
1881 2948 1995 3010 quod
2011 2948 2230 2994 clementia
2247 2947 2367 2993 dene-

1389 3030 1578 3078 gauerat.
1613 3017 1755 3077 Itaque
1788 3011 2121 3061 Mediolanenses
2133 3045 2146 3064 ‚
2184 3016 2365 3059 Cremo*

1391 3078 1534 3127 nenses
1551 3114 1564 3130 ,
1583 3083 1797 3127 Brixianos
1814 3111 1826 3131 ,
1843 3084 2108 3141 Bergomates
2125 3112 2139 3129 ,
2162 3082 2364 3125 Mantua-

1391 3165 1465 3193 nos
1483 3180 1497 3197 ,
1514 3143 1782 3192 Ferrarienses
1795 3177 1807 3195 ,
1824 3141 2102 3193 Bononienses
2114 3176 2127 3195 ,
2144 3146 2365 3190 Mutinen·

1388 3208 1447 3258 ses
1465 3246 1478 3262 ,
1495 3209 1714 3274 Regienses
1732 3243 1744 3262 ‚
1758 3207 1995 3258 parmenses
2016 3243 2030 3260 ,
2046 3217 2089 3256 δέ
2106 3209 2366 3257 Placentinos

1388 3297 1437 3323 ex
1483 3280 1746 3324 Venetorum
1789 3277 2036 3323 auctoritate
2079 3273 2339 3323 solicitarunt
2357 3313 2364 3321 „

1393 3345 1490 3390 VII.
1508 3342 1570 3389 Id.
1600 3341 1756 3403 Aprilis
1781 3342 1832 3389 ad
1869 3338 2118 3388 Puntidense
2147 3340 2362 3388 Monaste-

1388 3412 1499 3456 rium
1513 3411 1620 3454 inter
1632 3413 1887 3470 Bergomum
1904 3413 1945 3451 δε
1962 3405 2257 3453 Mediolanum
2270 3424 2366 3453 con.

1389 3493 1536 3522 uenere
1552 3476 1771 3522 ciuitatum
1788 3472 1907 3535 legati
1924 3509 1933 3516 .
1965 3469 2174 3533 Expositis
2187 3471 2244 3518 ibi
2256 3490 2367 3518 acer-

1389 3537 1564 3586 biffimis
1581 3542 1895 3585 Germanorum
1909 3539 2066 3597 iniurijs
2082 3572 2095 3589 ‚
2131 3535 2279 3601 quibus
2313 3536 2365 3582 ad

1354 3632 1356 3664 i
1389 3621 1574 3651 extrema
1592 3605 1749 3651 recitasti
1764 3601 1886 3650 essent
1905 3636 1918 3652 ‚
1955 3601 2137 3650 vniuerfi
2172 3606 2215 3649 in
2250 3619 2365 3649 eam>

1390 3668 1682 3732 conspirarunt
1706 3667 1954 3716 sententiam
1971 3700 1984 3720 >
2016 3685 2074 3717 vt
2090 3664 2365 3715 communibus

1393 3739 1518 3781 armis
1552 3734 1804 3782 redimeretur
1824 3732 1984 3781 libertas
2003 3769 2014 3781 .
2045 3731 2368 3793 Mediolanenses

2221 3813 2302 3863 {2²⁷-
