2592 4133
226 1793 314 1832 hom.
327 1807 364 1841 9.

223 1847 264 1880 de
283 1850 360 1895 Epi-

217 1899 320 1947 plum.

280 2122 317 2146 tx

218 2163 334 2194 Senum

219 2212 320 2249 vitia.

276 3239 295 3260 X

222 3276 245 3307 S
247 3271 371 3306 acerdo-

479 336 509 378 2
534 330 613 396 5o
1024 299 1263 381 Omnis
1287 298 1525 382 Homo
1543 304 1769 381 Currit
1790 299 1807 378 J

407 427 496 459 non
512 429 591 474 pro
607 412 691 477 lege
707 418 813 467 Dei,
828 413 898 462 sed
915 413 967 461 ad
981 415 1215 462 vindictam
1229 412 1379 462 huma-
1407 436 1411 443 ·
1441 412 1510 460 sed
1528 417 1612 460 eius
1627 419 1697 477 qui
1715 411 1827 461 misit
1842 409 1930 464 mei
1945 419 2070 477 patris
2081 450 2091 462 .
2102 421 2212 464 Μαι
2227 436 2411 482 namque

406 493 522 533 nam,·
539 485 580 524 &
591 480 753 528 iustitiae
767 479 892 542 spetie
905 477 1227 541 Rempublicam
1239 483 1380 527 conci·
1439 478 1622 525 doffrma
1633 499 1705 526 non
1721 484 1781 526 εἶτ’
1791 498 1901 526 mea:
1931 485 2012 528 Dei
2029 482 2120 528 licet
2131 481 2216 529 filio
2232 484 2409 532 minime
2436 503 2518 539 ιω,
2564 523 2565 531 ,

407 539 523 590 distis
539 582 548 590 .
583 549 623 593 V
627 549 864 592 eteratorios
877 545 1059 592 vestrum
1075 549 1262 608 operiam
1280 565 1381 608 que-
1436 544 1591 592 credite
1606 579 1618 595 ‚
1644 549 1739 608 quia
1752 549 1793 592 in
1807 550 1975 608 propria
1986 545 2105 594 causa
2117 566 2246 595 nemo
2257 550 2381 598 iudex
2393 582 2406 602 ‚

408 605 510 660 stus,
521 618 564 656 δε
580 609 769 657 dolosam
786 608 1094 658 acculationem
1106 612 1354 675 redarguam
1372 651 1381 659 .
1438 609 1499 657 vel
1512 610 1643 658 testis.
1678 615 1727 659 sj
1742 630 1804 674 ego
1816 615 2088 659 testimonium
2098 611 2269 674 perhzbeo
2285 616 2331 661 de
2343 635 2405 661 me

403 674 655 722 Adulteram
672 676 861 736 lapidari,
876 676 1007 737 placet
1025 716 1032 723 .
1049 676 1379 727 sacrosancta&

403 740 670 788 immaculata
682 739 733 788 fit
751 742 811 787 lex
827 741 1112 797 Mosaieamec
1130 743 1212 790 vllo
1225 762 1379 790 concu-

403 807 529 852 tiatur
540 804 668 853 abusu
687 839 698 857 ‚
734 805 821 867 Q!
835 808 910 864 fine
921 824 1074 870 peccato
1090 812 1149 853 eff
1166 810 1350 870 vestrum
1364 841 1378 860 ,

397 873 555 932 primus
566 870 740 931 lapidem
752 876 904 925 viltam
921 879 1037 920 Cum
1050 872 1249 921 audiisent
1263 873 1376 922 hunc

400 934 655 987 scrmonenb
670 956 771 985 Vnus
788 938 880 1000 post
897 940 1024 985 alium
1041 944 1230 987 exierunt
1242 973 1254 992 ,
1271 944 1375 987 inci-

399 1005 556 1062 pientes
574 998 598 1048 ἒ,
614 1000 843 1050 senioribus
861 1043 869 1051 .
905 1009 993 1071 Qu
1012 1004 1111 1053 vero
1127 1010 1235 1052 inter
1251 1025 1374 1053 accu-

397 1065 694 1115 lantesstarent
710 1076 730 1114 ,Ρ
764 1073 972 1132 perpende
983 1091 994 1125 ς
1012 1070 1151 1119 Stabat
1168 1072 1344 1134 populus
1359 1106 1371 1122 ‚

394 1131 560 1179 stabant
587 1137 817 1197 principes,
852 1136 1015 1184 stabant
1032 1135 1207 1184 seniores
1220 1141 1372 1199 princi-

395 1217 500 1261 pum
514 1237 522 1246 .
557 1201 633 1246 Sed
650 1204 702 1251 ei,
718 1202 932 1248 audientes
947 1238 959 1253 ‚
973 1203 1069 1265 legis
1081 1207 1371 1250 executionem

393 1265 487 1312 dari
504 1299 518 1316 ,
544 1269 615 1330 qui
629 1266 704 1324 fine
712 1284 863 1329 peccato
874 1267 968 1314 estet
981 1303 994 1319 ,
1022 1269 1113 1316 licet
1140 1273 1343 1331 principes
1356 1304 1369 1320 ,

393 1332 483 1382 imo
494 1328 670 1379 seniores
687 1336 925 1395 principum
943 1355 954 1389 ;
971 1352 1129 1397 quanto
1142 1338 1292 1382 maiori
1302 1335 1368 1382 di-

394 1399 553 1459 gnitate
569 1395 813 1461 praefulgent
833 1431 842 1449 ,
860 1416 979 1446 tanto
993 1404 1122 1463 magis
1137 1404 1368 1448 criminum

392 1460 698 1510 ruboreluffiisi
716 1496 728 1515 ,
747 1470 1115 1527 receptuicanunt,
1134 1475 1175 1513 δε
1193 1467 1300 1515 iusto
1318 1470 1368 1513 ti-

390 1546 510 1575 more
526 1533 707 1592 correpti
726 1562 738 1581 ,
764 1532 966 1578 recedunt
983 1565 995 1583 ,
1027 1536 1122 1595 quia
1139 1530 1366 1580 maioribus

389 1596 537 1640 irretiti
549 1593 797 1644 criminibus
815 1630 826 1648 ,
844 1597 1005 1645 Gloslat
1019 1604 1207 1655 Lyranus
1226 1635 1236 1646 ,

455 1663 584 1708 Nunc
616 1658 741 1709 habes
761 1683 837 1710 cur
855 1665 1008 1710 tumidi
1026 1658 1205 1726 pastores
1233 1680 1365 1712 ante)

388 1744 537 1774 natum
554 1726 689 1774 lesum
707 1728 969 1792 stent‚quum
984 1731 1123 1778 timidi
1138 1731 1365 1793 procidunt

392 1794 772 1857 Rege52p7vcidentes
804 1796 1069 1844 adorauerunt
1085 1835 1094 1843 .
1133 1793 1366 1847 Abfit,Au-

384 1861 570 1921 gustinus
587 1858 710 1907 soluit
724 1895 738 1911 ,
769 1861 889 1908 elatio
901 1859 924 1908 a
936 1859 1168 1923 pastoribus
1185 1860 1336 1909 sanetis
1355 1901 1363 1910 .

385 1926 510 1972 l-laud
526 1927 771 1988 procidunt,
790 1925 858 1974 sed
871 1929 1056 1975 exultant
1072 1946 1216 1976 coram
1233 1926 1363 1975 Chri-

382 1990 445 2037 sto
464 2009 564 2038 nato
577 2028 589 2042 ,
617 1997 711 2055 quia
729 1992 950 2041 leuioribus
965 2027 976 2045 ‚
1003 1992 1133 2056 quam
1153 1997 1362 2056 Principes

381 2062 516 2105 onersi
535 2056 701 2105 larcinis
716 2064 1062 2123 grauaturReges
1078 2063 1245 2122 Imperij
1260 2079 1362 2122 pon-

381 2124 477 2170 dere
494 2121 656 2187 fatigati
674 2159 687 2175 ‚
721 2144 901 2172 coronas
927 2142 1108 2187 ponunt,
1134 2125 1361 2174 succollant

381 2189 578 2237 humeros
594 2222 607 2241 ,
638 2209 772 2253 genua
789 2189 964 2238 flcehmt
981 2226 993 2242 ,
1015 2200 1057 2238 ἃ
1075 2192 1303 2239 cecidentes
1316 2195 1360 2238 in

380 2252 530 2303 faciem
543 2274 752 2318 gementes
768 2257 967 2308 clamant,
985 2257 1271 2304 aristot-itatem
1283 2257 1359 2305 ha-

379 2320 516 2368 bemus
528 2323 684 2381 senum,
698 2322 770 2381 fta!
785 2326 900 2369 vitas
914 2340 1121 2386 puerorum
1136 2362 1145 2370 .
1179 2329 1358 2371 Senum)

379 2390 469 2434 imo
486 2392 674 2434 Deorum
694 2390 916 2436 auctoritas
931 2388 1098 2436 nostra:
1116 2388 1232 2437 verbi
1244 2392 1358 2436 enim

379 2451 536 2503 semine
557 2457 686 2500 vitam
704 2461 746 2500 ὃς
775 2472 959 2501 mortem
986 2451 1205 2502 inferimus
1219 2453 1358 2502 subdi—

381 2536 524 2566 torum
543 2555 552 2564 .
571 2523 801 2567 Puerorum
818 2520 958 2567 nostra
975 2519 1070 2568 sunt
1082 2521 1358 2572 vitia‚iustum

380 2603 561 2646 namque
575 2585 797 2648 gloriantes
817 2620 829 2636 ,
865 2588 1045 2634 dicimus
1066 2585 1235 2634 sednon
1253 2583 1357 2634 faci-

379 2668 496 2697 mus.
533 2648 737 2698 Nabotho
752 2649 996 2714 vsurpamus
1009 2656 1195 2703 vineam,
1208 2656 1358 2700 coniu*

1405 696 1409 756 ι
1435 676 1527 735 ipsi),
1540 680 1809 723 testimonium
1822 695 1956 723 meum
1971 697 2043 723 non
2054 679 2105 739 est
2117 681 2406 745 verum.Qid

1403 759 1408 828 Ι
1435 742 1558 792 dicis?
1586 743 1754 790 attende
1771 741 1960 793 Christe?
1979 743 2267 793 testimonium
2283 762 2408 793 tuum

1433 826 1522 853 non
1539 808 1596 855 est
1610 827 1756 856 verum
1772 821 1784 858 ?
1815 811 1902 856 iure
1913 828 2013 872 ergo
2027 815 2248 874 Synagoga
2265 809 2321 875 hy
2326 832 2404 874 po-

1432 876 1583 920 critam
1598 872 1830 937 insequitur
1843 909 1856 925 ,
1892 893 1966 921 nec
1983 880 2127 922 Deum
2139 881 2319 938 periurat
2334 898 2346 933 ‚-
2372 875 2404 924 si

1431 943 1730 987 Romanorum
1748 938 1926 987 inhiaret
1958 939 2343 1004 accusatimperio?
2364 946 2404 989 Si

1432 1004 1720 1053 testimonium
1736 1024 1855 1053 tuum
1884 1025 1970 1052 non
1985 1006 2044 1053 est
2059 1025 2209 1054 verum
2223 1041 2236 1058 ,
2272 1008 2401 1055 dum„

1430 1069 1650 1118 crucifixus
1667 1075 1878 1122 cruciaris,
1895 1070 2115 1120 delitiabor
2132 1093 2209 1134 ego
2225 1072 2404 1132 Babylo-

1430 1140 1491 1182 nis
1508 1142 1548 1183 in
1568 1138 1723 1184 horto?
1756 1138 1921 1186 Fallitur
1945 1144 1956 1193 (
1975 1136 2226 1186 Ambrosius
2251 1133 2372 1186 soluit
2392 1144 2403 1195 )

1428 1221 1546 1249 mens
1563 1202 1748 1250 humana
1760 1236 1773 1255 ‚
1808 1203 2025 1251 altitudine
2036 1202 2289 1252 exuberante
2305 1216 2403 1261 my-

1396 1296 1399 1311 .
1428 1268 1534 1329 sterij
1553 1290 1564 1323 ,·
1580 1275 1700 1317 Sacra
1718 1273 1759 1316 in
1777 1267 2003 1332 hippostasi
2029 1270 2183 1318 diuinae
2202 1287 2399 1319 naturam

1392 1314 1399 1672 ἰ
1427 1330 1674 1382 sisubiaceas
1687 1334 1919 1382 humanam
1932 1344 1997 1386 ,&
2017 1339 2191 1383 veritate
2208 1333 2399 1385 confide-

1425 1397 1620 1450 res,haud
1638 1398 1771 1447 Verbi
1785 1400 1844 1447 est
1869 1400 2065 1453 verbum,
2078 1420 2177 1449 cum
2195 1402 2298 1449 dicit
2311 1437 2325 1453 ,
2343 1418 2399 1449 tc-

1416 1467 1653 1527 stimonium
1689 1484 1825 1513 meum
1837 1485 1908 1510 non
1919 1467 1969 1526 est
1986 1465 2164 1513 verbum
2183 1505 2192 1513 .
2228 1470 2394 1515 Huma—

1424 1550 1524 1578 nam
1541 1529 1572 1578 si
1589 1530 1769 1594 segreges
1785 1530 1966 1579 adiuina
1977 1563 1991 1583 ,
2025 1551 2076 1579 en
2089 1534 2132 1578 in
2148 1530 2275 1579 horto
2293 1536 2396 1579 Get-

1423 1595 1581 1644 semani
1616 1598 1820 1646 claudicat
1838 1630 1850 1648 ‚
1886 1604 1928 1643 &
1945 1615 2130 1646 mortem
2164 1593 2371 1646 formidat
2384 1630 2402 1643 .-

1422 1663 1598 1725 Trdsbat
1614 1661 1642 1708 oi
1660 1682 1722 1709 me
1738 1662 1846 1708 calix
1861 1664 1947 1725 Iste,
1965 1680 2012 1712 Vt
2029 1661 2394 1711 Christihumani-

1421 1746 1552 1777 tatem
1565 1728 1880 1790 impeccabilem
1897 1727 2044 1777 habeas
2056 1762 2068 1781 2
2103 1731 2198 1791 quia
2215 1728 2394 1776 {anctifi-

1421 1812 1558 1843 catam
1572 1829 1585 1845 ,
1611 1803 1653 1842 &
1667 1791 2002 1857 iiippofitatama
2022 1793 2165 1842 Verbo
2177 1827 2190 1846 ‚
2209 1814 2295 1842 non
2309 1793 2392 1858 qud

1420 1859 1653 1908 humanam
1676 1880 1751 1907 nec
1768 1877 2001 1908 catenatam
2019 1857 2252 1923 hypostasi.
2335 1858 2388 1907 ua

1420 1933 1536 1976 vnita
1554 1962 1568 1978 ‚
1595 1930 1660 1974 via
1674 1961 1687 1978 ,
1701 1928 1850 1974 veritas
1863 1961 1877 1977 ,
1894 1927 1952 1973 est
1967 1935 2009 1973 ἃ
2023 1930 2106 1975 vita
2126 1962 2138 1978 ‚
2155 1945 2247 1989 quae
2262 1929 2306 1973 in
2320 1928 2393 1974 sei-

1417 1991 1488 2056 psa
1499 1992 1553 2040 ab
1565 1991 1649 2055 ipsa
1666 2026 1680 2044 ,
1697 2000 1740 2039 &
1752 2011 1825 2054 per
1838 1989 1970 2054 iplam
1982 2025 1995 2044 ,
2008 1991 2105 2041 alibi
2118 1992 2304 2039 inlonat.
2341 1999 2373 2039 S
2375 1993 2392 2038 i

1417 2079 1480 2124 ego
1495 2060 1760 2120 testi-'monium
1775 2056 1950 2119 perhibeo
1966 2058 2012 2105 de
2032 2057 2172 2120 meipfh
2189 2090 2203 2109 ,
2237 2076 2390 2105 verum

1416 2126 1468 2186 cst
1484 2126 1722 2186 testimom'm
1739 2141 1875 2171 meum
1893 2163 1901 2171 .
1937 2125 2069 2187 Qod
2085 2123 2118 2172 fi
2133 2121 2390 2171 humanam„

1415 2191 1558 2238 diuina
1579 2190 1799 2244 destituat3
1816 2190 1929 2251 quod
1947 2194 1999 2237 ab
2015 2210 2089 2238 ore
2104 2190 2294 2253 procedit
2311 2187 2390 2236 hu-

1416 2275 1546 2304 mano
1559 2253 1798 2318 suspeetum
1814 2255 1872 2301 est
1884 2256 2185 2304 testimonium.
2197 2256 2391 2317 Testimo-

1414 2325 1529 2370 nium
1546 2341 1676 2368 meum
1695 2341 1765 2366 noea
1787 2324 1845 2366 eff
1862 2341 2012 2368 verum
2028 2320 2244 2383 secundum
2261 2319 2388 2367 homi-

1415 2407 1514 2436 num
1535 2385 1814 2453 fragilitatem
1831 2424 1840 2433 .
1874 2390 2017 2434 Omnis
2033 2389 2139 2434 enim
2155 2385 2264 2433 homo
2283 2405 2408 2437 mena

1414 2454 1500 2500 dax
1516 2493 1525 2501 .
1561 2456 1712 2501 Wrum
1730 2453 1781 2514 est
1795 2469 1930 2499 autem
1963 2454 2228 2516 testimonium
2248 2454 2388 2515 secun-

2448 2499 2484 2522 ’4¹

1414 2519 1512 2567 dum
1528 2518 1785 2566 diuinitatem
1802 2557 1810 2564 .
1827 2523 1934 2586 Qis
1946 2518 2137 2566 nostrum
2150 2521 2286 2580 itaque
2301 2513 2388 2564 sine
2400 2518 2549 2575 michar,

1413 2589 1619 2634 crimine?
1637 2589 1726 2632 Vos
1743 2579 1903 2631 forlam
1921 2583 2139 2631 Pontifices
2154 2590 2174 2629 ,θ
2192 2587 2386 2633 Vtinam?

1414 2650 1483 2699 sed
1504 2670 1649 2698 coram
1684 2651 1851 2710 Angelo
1867 2670 1940 2698 cur
1956 2655 2128 2697 Demon
2147 2648 2359 2711 redarguit
2377 2661 2389 2698 ἓ

381 2718 435 2778 gij
450 2732 699 2763 temeramus
717 2715 888 2763 thorum
903 2753 915 2767 ‚
944 2727 986 2763 ὃς
1001 2717 1223 2781 postquam
1248 2722 1290 2764 in
1307 2718 1361 2765 la·
1414 2715 1566 2786 Qum
1579 2715 1716 2764 Iesum
1733 2715 1838 2762 vidit
1852 2716 2048 2763 indutum
2075 2713 2390 2775 vestibusfordt'-

381 2785 505 2827 niena
523 2781 760 2843 voluptatis,
775 2787 815 2829 V
817 2786 956 2829 enenis
971 2803 1095 2831 carne
1110 2784 1168 2831 est
1180 2783 1359 2831 saturata
1385 2818 1389 2833 .
1414 2784 1478 2830 des
1492 2815 1505 2834 ,
1518 2786 1613 2845 quia
1626 2782 1794 2843 culpam
1806 2785 2035 2830 incurrerat
2053 2815 2067 2831 ,
2085 2779 2240 2827 Glossat
2253 2784 2389 2843 Lyra-

381 2845 514 2893 libido
531 2867 542 2900 ‚·
564 2849 689 2893 etiam
704 2852 810 2894 inter
831 2849 1005 2896 claustra
1030 2848 1359 2898 columbasinse-

1386 2842 1389 2863 ἔ

1386 2872 1389 2909 3
1414 2867 1511 2895 nus:
1530 2849 1613 2895 haec
1637 2842 1772 2894 frusta
1806 2845 2003 2895 conscissa
2030 2842 2388 2909 purpura‚obfita

381 2916 552 2975 quimur
568 2910 748 2959 Christi.
783 2911 1358 2978 lllieigopas'lores(Augusti—
1385 2917 1389 2962 l
1415 2918 1566 2964 mitra,
1601 2911 1698 2960 sunt
1728 2913 1883 2976 templa
1908 2913 2088 2975 polluta,
2124 2912 2228 2974 leges
2239 2930 2387 2958 cortu·-

381 2997 459 3025 nus
471 2979 623 3041 inquit)
636 2982 769 3025 minus
782 2982 837 3024 rel*
851 2978 898 3024 de
913 2980 1041 3038 [stltete
1053 2980 1228 3027 alacrius
1245 2981 1358 3028 exul-

382 3042 524 3089 tabant
541 3080 551 3089 .
585 3044 656 3106 lstz‘
679 3060 818 3090 autem
832 3049 959 3107 Mag.)
972 3050 1101 3108 magi-v
1118 3050 1358 3111 oller-ariper-

383 3112 512 3159 catis,
547 3108 783 3173 fiabmlſjitcl's
803 3109 1066 3173 idcclgemiolm
1091 3111 1358 3176 requirebant.

385 3174 483 3220 Post
513 3178 722 3237 Principes
751 3175 801 3223 ad
823 3176 1062 3223 Sacerdotes
1082 3176 1358 3225 veniominus
1387 3219 1389 3233 ,

381 3235 522 3287 forsan
538 3240 590 3287 de
603 3238 726 3288 salute
744 3239 1046 3292 sollicitos'2licct
1064 3243 1151 3304 plus
1165 3261 1358 3291 oneratos

225 3333 272 3358 tes
286 3308 540 3370 quampeccati
556 3310 799 3368 grauamine
817 3343 827 3352 .

217 3376 315 3422 graui
325 3374 371 3408 la-

225 3489 288 3520 tur,

225 3531 350 3569 Matth.

227 3594 290 3634 ⁷14·

448 3370 678 3418 Diuinabat
706 3378 925 3439 Synagoga
948 3405 959 3424 ,
996 3375 1215 3435 quomodo
1247 3371 1357 3420 fabri

223 3426 262 3463 be
273 3429 489 3482 t‘¹²'²“‘’⁴3·filius
506 3434 805 3499 scripturarum
821 3438 968 3485 malleo
979 3438 1246 3500 Legislatores
1258 3459 1357 3486 con-

388 3498 584 3549 funderet
603 3538 612 3542 -
645 3501 916 3550 Assa-abanan·
942 3503 1126 3549 dicentes:
1151 3501 1273 3550 nonne
1298 3504 1358 3551 hic

387 3565 704 3631 cffftzbrl'films?
718 3567 837 3615 soluit
855 3567 1066 3616 Christus:
1082 3588 1133 3616 ne
1144 3574 1358 3617 miremini

387 3631 558 3680 Hebraei
573 3653 584 3687 3
602 3651 700 3678 nam
719 3633 866 3696 Ioseph
883 3632 907 3682 a
924 3631 1120 3683 fratribus
1138 3637 1357 3687 venditur>

389 3710 443 3745 ab
459 3699 628 3745 aduenis
657 3699 855 3746 adoratur
875 3718 885 3744 ε
907 3720 1034 3748 nemo
1064 3701 1271 3763 Propheta
1289 3705 1356 3746 im

389 3763 817 3827 patriaAEuangelium
835 3784 921 3813 non
938 3770 1122 3829 recipite,
1139 3784 1184 3816 Vt
1196 3785 1356 3818 meum,

1386 2968 1390 3024 l
1415 2998 1494 3043 ptae
1510 3014 1521 3030 ‚
1557 2978 1698 3026 altaria
1715 2980 1882 3041 dirupta
1900 3017 1908 3025 .
1944 2979 2197 3025 Latronibus
2215 2975 2388 3023 reserata

1386 3038 1389 3090 l
1414 3042 1580 3094 ecclelia
1594 3077 1607 3096 ,
1642 3048 1684 3092 in
1708 3044 1954 3108 Apostolico
1966 3041 2108 3090 senatu
2143 3041 2254 3089 haud
2287 3039 2387 3088 tuba

1386 3091 1390 3121 ⁹
1415 3111 1580 3159 resonat
1592 3130 1693 3158 enan
1699 3113 1787 3174 gelij
1796 3107 1880 3161 ‚sed
1898 3109 2048 3156 bucina
2059 3108 2212 3170 clangit
2224 3104 2388 3154 Atheis.

1415 3181 1477 3225 mi
1497 3216 1504 3223 .
1521 3180 1560 3223 Si
1576 3179 1666 3239 quis
1677 3180 1790 3223 enim
1807 3195 1893 3222 non
1911 3178 1954 3222 in
1970 3171 2267 3222 iurisdifflzionis
2282 3191 2387 3242 con-

1386 3236 1390 3286 l
1417 3260 1626 3304 temptum
1639 3273 1651 3292 ,
1686 3240 1756 3288 sed
1775 3245 1815 3287 in
1835 3259 2007 3288 morum
2027 3235 2202 3286 abusum
2215 3237 2386 3285 conlur-

1386 3353 1389 3363 ,
1416 3326 1501 3371 gat,
1515 3316 1557 3355 δε
1578 3311 1621 3353 in
1638 3305 1958 3355 aedificationem
1974 3323 2062 3351 non
2079 3307 2122 3350 in
2138 3303 2387 3350 destructio-

1386 3367 1390 3414 l
1417 3393 1515 3421 nem
1548 3373 1698 3420 clamet
1732 3373 1864 3420 claues
1900 3370 2080 3422 relictas
2113 3368 2360 3431 deportatur
2372 3399 2385 3418 ³

1384 3416 1391 3476 l
1416 3443 1506 3502 igni
1522 3448 1563 3485 &
1576 3458 1681 3501 aqua
1698 3438 1975 3486 interdicitur,
1992 3431 2107 3498 quasi
2120 3438 2301 3483 veritatis
2312 3434 2385 3480 de-

1415 3522 1570 3552 erraret
1587 3507 1628 3550 in
1643 3502 1786 3551 semite
1802 3541 1811 3550 .
1839 3501 2071 3564 Ecquando
2085 3503 2231 3549 viuum
2248 3499 2386 3546 horni-

1416 3589 1514 3618 nem
1526 3568 1800 3617 sanetificauic
1811 3563 1976 3615 ecclesia
1986 3572 2006 3611 ,θ
2021 3585 2110 3630 quae
2127 3585 2210 3614 vna
2221 3569 2263 3611 in
2278 3566 2387 3612 Petri

1417 3653 1531 3698 petra
1547 3632 1820 3684 consolidata,
1831 3630 2033 3680 cecidisset
2048 3654 2058 3685 5
2093 3635 2138 3678 ni
2148 3629 2312 3679 Christi
2324 3648 2386 3690 pe.

1416 3719 1480 3748 tra
1499 3698 1681 3748 stetisset.
1704 3702 1819 3746 Hinc
1835 3698 1887 3745 ad
1902 3701 2012 3745 Petri
2026 3698 2147 3760 pedes
2179 3696 2386 3743 Centurio

1418 3767 1637 3829 procidens
1674 3797 1687 3817 ,
1739 3781 1782 3813 vt
1804 3761 1964 3812 Christi
2007 3766 2212 3812 vicarium
2239 3757 2385 3807 adora-

2227 3840 2288 3873 ret
2305 3858 2318 3874 ‚

2455 2600 2486 2632 3.
